%%%%%%%%%%%%%%%%%%%%%%%%%%%%%%%%%%%%%%%%%%%%%%%%%%%%%%%%%%%%%%%%%%%%%%%%%%%%%%%%%%%%%%%%%%%%%%%%%%%
@Comment{Comienzo a pensar que seria de buena educacion poner los nombres de los autores en vez
         de solo las iniciales de sus nombres}
%%%%%%%%%%%%%%%%%%%%%%%%%%%%%%%%%%%%%%%%%%%%%%%%%%%%%%%%%%%%%%%%%%%%%%%%%%%%%%%%%%%%%%%%%%%%%%%%%%%
@Article{Adak98,
  title   = {Time-dependent spectral analysis of nonstationary time series},
  author  = {Adak, S.},
  journal = {Journal of the American Statistical Association},
  volume  = {93},
  number  = {444},
  pages   = {1488--1501},
  year    = {1998}
}

@Article{Melard89,
   title =   {Contributions to evolutionary spectral theory},
   author =  {M\'elard, G. 
              and Schutter, A. H.},
   journal = {Journal of Time Series Analysis},
   volume =  {10},
   number =  {1},
   pages =   {41--63},
   year =    {1989}
}

@Article{Loynes68,
    title =   {On the concept of the spectrum for non-stationary processes},
    author =  {Loynes, R. M.},
    journal = {Journal of the Royal Statistical Society. Series B (Methodological)},
    pages =   {1--30},
    year =    {1968}
}


@ARTICLE{Nason13,
    author =  {Nason, G.},
    year =    {2013},
    title =   {A test for second order stationarity and approximate confidence intervals for 
               localized autocovariances for locally stationary time series},
    journal = {Journal of the Royal Statistical Society. Series B (Methodological)},
    pages =   {879--904},
    volume =  {75},
    number =  {5}
}

@ARTICLE{Priestley69,
    author =  {Priestley, M. B. 
               and Rao, T. S.},
    title =   {A test for non-stationarity of time-series},
    journal = {Journal of the Royal Statistical Society: Series B (Methodological)},
    year =    {1969},
    volume =  {1},
    number =  {31},
    pages =   {140--149},
}

@BOOK{Priestley81,
   title =     {Spectral Analysis and Time Series},
   author =    {Priestley, M. B.},
   publisher = {Academic Press},
   year =      {1981},
   volume =    {1,2},
}
%%%%%%%%%%%%%%%%%%%%%%%%%%%%%%%%%%%%%%%%%%%%%%%%%%%%%%%%%%%%%%%%%%%%%%%%%%%%%%%%%%%%%%%%%%%%%%%%%%%