%%%%%%%%%%%%%%%%%%%%%%%%%%%%%%%%%%%%%%%%%%%%%%%%%%%%%%%%%%%%%%%%%%%%%%%%%%%%%%%%%%%%%%%%%%%%%%%%%%%
@Article{mcewen75,
    title   = {Modeling the stationarity and gaussianity of spontaneous electroencephalographic 
               activity},
    author  = {McEwen, James A. 
               and Anderson, Grant B.},
    journal = {IEEE transactions on Biomedical Engineering},
    number  = {5},
    pages   = {361--369},
    year    = {1975}
}

@Article{klonowski09,
    title   = {Everything you wanted to ask about EEG but were afraid to get the right answer},
    author  = {Klonowski, Wlodzimierz},
    journal = {Nonlinear Biomedical Physics},
    volume  = {3},
    number  = {1},
    pages   = {2},
    year    = {2009}
}


%%%%%%%%%%%%%%%%%%%%%%%%%%%%%%%%%%%%%%%%%%%%%%%%%%%%%%%%%%%%%%%%%%%%%%%%%%%%%%%%%%%%%%%%%%%%%%%%%%%