@Booklet{PlanAlzheimer04,
    title =  {Plan de acción Alzheimer y otras demencias. M\'exico, 2014},
    author = {{Instituto Nacional de Geriatr\'ia} 
    		  and {Secretar\'ia de Salud}},
    year =   {2014},
    note =   {M\'exico},
}

@Article{babiloni13,
    title   = {Resting state cortical electroencephalographic rhythms are related to gray matter 
               volume in subjects with mild cognitive impairment and {Alzheimer's} disease [?]},
    author  = {Babiloni, Claudio 
               and Carducci, Filippo 
               and Lizio, Roberta 
               and Vecchio, Fabrizio 
               and Baglieri, Annalisa 
               and Bernardini, Silvia 
               and Cavedo, Enrica 
               and Bozzao, Alessandro 
               and Buttinelli, Carla 
               and Esposito, Fabrizio 
               and others},
    journal = {Human brain mapping},
    volume  = {34},
    number  = {6},
    pages   = {1427--1446},
    year    = {2013},
    publisher = {Wiley Online Library}
}

@ARTICLE{Blake,
author = {Blake, M. G. and Boccia, M. M.},
title = {Basal Forebrain Cholinergic System and Memory.},
journal = {Curr Top Behav Neurosci.},
year = {2017},
volume = { },
pages = { }
}

@ARTICLE{Datta2004,
author = {Datta, S. and Mavanji, V. and Ulloor, J. and Patterson, E.H},
title = {Activation of phasic pontine-wave generator prevents rapid eye movement sleep deprivation-induced learning impairment in the rat: a mechanism for sleep-dependent plasticity.},
journal = {Journal of neuroscience },
year = {2004},
volume = {24},
pages = {1416-1427}
}

@ARTICLE{Louie,
author = {Louie, K. and Wilson, M.  },
title = {Temporally structured replay of awake hippocampal ensemble activity during rapid eye movement sleep },
journal = {Neuron},
year = {2001 },
volume = {29},
pages = {145-156 }
}

@BOOK{Corsi1983,
author = {Corsi, M.},
title = {Psicofisiolog\'ia del sueño},
publisher = {Trillas, México},
year = {1983},
edition = {},
isbn = {}
}

@Article{corsi15,
    title   = {Effects of selective {REM} sleep deprivation on prefrontal gamma activity and 
               executive functions},
    author  = {Corsi-Cabrera, M 
               and Rosales-Lagarde, A 
               and del R{\'\i}o-Portilla, Y 
               and Sifuentes-Ortega, R 
               and Alc{\'a}ntara-Quintero, B},
    journal = {{International Journal of Psychophysiology}},
    volume  = {96},
    number  = {2},
    pages   = {115--124},
    year    = {2015},
    publisher = {Elsevier}
}

@article{Reid06,
    title   = {Sleep: {A} {M}arker of {P}hysical and {M}ental {H}ealth in the {E}lderly},
    author  = {Reid, Kathryn J 
               and Martinovich, Zoran 
               and Finkel, Sanford 
               and Statsinger, Judy 
               and Golden, Robyn 
               and Harter, Kathryne 
               and Zee, Phyllis C},
    journal = {The {A}merican {J}ournal of {G}eriatric {P}sychiatry},
    volume  = {14},
    number  = {10},
    pages   = {860--866},
    year    = {2006},
    publisher={Elsevier}
}

@Article{Potvin12,
    title   = {Sleep {Q}uality and 1-{Y}ear {I}ncident {C}ognitive {I}mpairment in 
               {C}ommunity-{D}welling {O}lder {A}dults},
    author  = {Potvin, Olivier 
               and Lorrain, Dominique 
               and Forget, H{\'e}len{\`e} 
               and Dub{\'e}, Micheline 
               and Grenier, S{\'e}bastien 
               and Pr{\'e}ville, Michel 
               and Hudon, Carol},
    journal = {{SLEEP}},
    volume  = {35},
    number  = {4},
    pages   = {491--499},
    year    = {2012},
    publisher = {Sleep Research Society}
}

@Article{Miyata13,
    title   = {Poor sleep quality impairs cognitive performance in older adults},
    author  = {Miyata, Seiko 
               and Noda, Akiko 
               and Iwamoto, Kunihiro 
               and Kawano, Naoko 
               and Okuda, Masato 
               and Ozaki, Norio},
    journal = {Journal of {S}leep {R}esearch},
    volume  = {22},
    number  = {5},
    pages   = {535--541},
    year    = {2013},
    publisher = {Wiley Online Library}
}

@Article{Amer13,
    title   = {Does self-reported sleep quality predict poor cognitive performance among elderly 
               living in elderly homes?},
    author  = {Amer, Motassem S 
               and Hamza, Sarah A 
               and El Akkad, Rania M 
               and Abdel Galeel, Yamen I I},
    journal = {Aging \& {M}ental {H}ealth},
    volume  = {17},
    number  = {7},
    pages   = {788--792},
    year    = {2013},
    publisher = {Taylor \& Francis}
}

@Article{Klem99,
    title   = {The ten-twenty electrode system of the {I}nternational {F}ederation},
    author  = {Klem, GH and L{\"u}ders, H O and Jasper, H H and Elger, C},
    journal = {Electroencephalography and {C}linical {N}europhysiology},
    volume  = {52},
    pages   = {3--6},
    year    = {1999},
    publisher = {International {F}ederation of {C}linical {N}europhysiology},
    note    = {(Suplemento)}
}

@Article{Yesavage82,
    title   = {Development and {V}alidation of a {G}eriatric {D}epression {S}creening {S}cale: {A} 
               {P}reliminary {R}eport},
    author  = {Yesavage, Jerome A 
               and Brink, Terence L 
               and Rose, Terence L 
               and Lum, Owen 
               and Huang, Virginia 
               and Adey, Michael 
               and Leirer, Von Otto},
    journal = {Journal of {P}sychiatric {R}esearch},
    volume  = {17},
    number  = {1},
    pages   = {37--49},
    year    = {1982},
    publisher={Elsevier}
}

@article{sinoff99,
    title   = {Short anxiety screening test—a brief instrument for detecting anxiety in the 
               elderly},
    author  = {Sinoff, Gary 
               and Ore, Liora 
               and Zlotogorsky, David 
               and Tamir, Ada},
    journal = {International journal of geriatric psychiatry},
    volume  = {14},
    number  = {12},
    pages   = {1062--1071},
    year    = {1999??},
    publisher={Wiley Online Library}
}

@article{katz70,
    title   = {Progress in development of the index of ADL},
    author  = {Katz, Sidney 
               and Downs, Thomas D 
               and Cash, Helen R 
               and Grotz, Robert C},
    journal = {The gerontologist},
    volume  = {10},
    number  = {0},
    pages   = {20--30},
    year    = {1970},
    publisher={The Gerontological Society of America}
}

@Article{Ardila12,
    title   = {Gu{\'\i}a para el diagn{\'o}stico neuropsicol{\'o}gico},
    author  = {Ardila, Alfredo and Ostrosky, Feggy},
    journal = {Florida: American Board of Professional Neuropsychology},
    year    = {2012}
}

@article{crum93,
    title   = {{Population-based norms for the Mini-Mental State Examination by age and 
               educational level}},
    author  = {Crum, Rosa M 
               and Anthony, James C 
               and Bassett, Susan S 
               and Folstein, Marshal F},
    journal = {Jama},
    volume  = {269},
    number  = {18},
    pages   = {2386--2391},
    year    = {1993??},
    publisher={American Medical Association}
}

@ARTICLE{Chen,
author = {Chen, P.C. and Wu, D. and Chen, C.C. and Chi, N.F. and Kang, J.H.and Hu, C.J.},
title = {Rapid eye movement sleep atonia in patients with cognitive impairment. },
journal = {J Neurol Sci },
year = {2011 },
volume = {15},
pages = {34-37}
}

@Article{Brayet16,
    title   = {Quantitative {EEG} of {R}apid-{E}ye-{M}ovement {S}leep: {A} {M}arker of {A}mnestic 
               {M}ild {C}ognitive {I}mpairment},
    author  = {Brayet, Pauline 
               and Petit, Dominique 
               and Frauscher, Birgit 
               and Gagnon, Jean-Fran{\c{c}}ois 
               and Gosselin, Nadia 
               and Gagnon, Katia 
               and Rouleau, Isabelle 
               and Montplaisir, Jacques},
    journal = {Clinical {EEG} and {N}euroscience},
    volume  = {47},
    number  = {2},
    pages   = {134--141},
    year    = {2016},
    publisher ={SAGE Publications}
}

@Article{prichep94,
    title   = {Quantitative {EEG} correlates of cognitive deterioration in the elderly [?]},
    author  = {Prichep, LS 
               and John, ER 
               and Ferris, Steven H 
               and Reisberg, B 
               and Almas, M 
               and Alper, K 
               and Cancro, R},
    journal = {Neurobiology of Aging},
    volume  = {15},
    number  = {1},
    pages   = {85--90},
    year    = {1994},
    publisher = {Elsevier}
}

@article{prichep06,
    title   = {Prediction of longitudinal cognitive decline in normal elderly with subjective 
               complaints using electrophysiological imaging [?]},
    author  = {Prichep, LS 
               and John, ER 
               and Ferris, SH 
               and Rausch, L 
               and Fang, Z 
               and Cancro, R 
               and Torossian, C 
               and Reisberg, B},
    journal = {Neurobiology of aging},
    volume  = {27},
    number  = {3},
    pages   = {471--481},
    year    = {2006},
    publisher = {Elsevier}
}

@Book{AASM07,
    title     = {The AASM manual for the scoring of sleep and associated events: rules, 
                 terminology and technical specifications},
    author    = {Iber, Conrad 
                 and Ancoli-Israel, Sonia 
                 and Chesson, Andrew 
                 and Quan, Stuart F 
                 and others},
    year      = {2007},
    publisher = {American Academy of Sleep Medicine Westchester, IL}
}

@ARTICLE{Aserinsky,
author = {Aserinsky, E. and Kleitman, N.},
title = {Regularly occurring periods of eye motility, and concomitant phenomena, during sleep. },
journal = {Science},
year = {1953 },
volume = {118},
pages = {273-274 }
}

@Article{Contreras13,
    title   = {Sue{\~n}o a lo largo de la vida y sus implicancias en salud},
    author  = {Contreras, S Andrea},
    journal = {Revista M{\'e}dica Cl{\'\i}nica Las Condes},
    volume  = {24},
    number  = {3},
    pages   = {341--349},
    year    = {2013},
    publisher = {Elsevier}
}

@Article{CarrilloMora,
    author  = {Carrillo-Mora, Paul 
               and Ram\'irez-Peris, Jimena 
               and Maga\~na V\'azquez, Katia},
    title   = {Neurobiolog\'ia del sue\~no y su importancia: antolog\'ia para el 
               estudiante universitario},
    journal = {Revista de la {F}acultad de {M}edicina},
    year    = {2013},
    volume  = {56},
    number  = {4},
    pages   = {5--15}
}

@Article{Roumec14,
    title   = {Escala por interrogatorio de las actividades de la vida diaria: validaci{\'o}n y 
               correlaci{\'o}n con escalas de severidad de deterioro cognitivo en pacientes con 
               demencia tipo {A}lzheimer},
    author  = {Roumec, Bettina 
               and Gismondi, Mariana 
               and Gomez, Andrea M 
               and Sousa, Leandro},
    journal = {Neurolog{\'\i}a {A}rgentina},
    volume  = {6},
    number  = {3},
    pages   = {137--141},
    year    = {2014},
}

@Book{Solis03,
    title     = {Neuropsi: {A}tenci{\'o}n y {M}emoria},
    author    = {Ostrosky-Sol{\'\i}s, Feggy 
                 and G{\'o}mez, Mar{\'\i}a Esther 
                 and Villase{\~n}or, Esmeralda Matute 
                 and Roselli, M{\'o}nica 
                 and Ardila, Alfredo 
                 and Pineda, David},
    year      = {2003},
    edition   = {2},
    publisher = {Manual {M}oderno}
}

@article{folstein75,
    title   = {{``Mini-mental state”: a practical method for grading the cognitive state of patients 
               for the clinician}},
    author  = {Folstein, Marshal F 
               and Folstein, Susan E 
               and McHugh, Paul R},
    journal = {Journal of psychiatric research},
    volume  = {12},
    number  = {3},
    pages   = {189--198},
    year    = {1975??},
    publisher = {Elsevier}
}

@Article{Ostrosky1999,
  author  = {Ostrosky-Sol\'is, F. and Ardila, A. and Rosselli, M. },
  title   = {Neuropsi: A brief neuropsychological test battery in Spanish with norms by age and educational level. },
  journal = {Journal of the International Neuropsychological Society},
  volume  = {5},
  number  = {},
  pages   = {413-433},
  year    = {1999},
  publisher = {}
}

@Book{DCM5,
    title     = {Manual diagn{\'o}stico y estad{\'\i}stico de los trastornos mentales: DSM-5},
    author    = {Lopez, Celso Arango},
    year      = {2014},
    publisher = {Editorial medica panamericana}
}

@Article{Ostrosky00,
    title   = {Sensitivity and {S}pecificity of the {M}ini-{M}ental {S}tate {E}xamination in a 
               {S}panish-{S}peaking {P}opulation},
    author  = {Ostrosky-Sol{\'\i}s, Feggy 
               and L{\'o}pez-Arango, Gabriela 
               and Ardila, Alfredo},
    journal = {Applied {N}europsychology},
    volume  = {7},
    number  = {1},
    pages   = {25--31},
    year    = {2000},
    publisher = {Taylor \& Francis}
}

@article{Dubois07,
    title   = {{Research criteria for the diagnosis of Alzheimer's disease: revising the NINCDS--
               ADRDA criteria}},
    author  = {Dubois, Bruno 
               and Feldman, Howard H 
               and Jacova, Claudia 
               and DeKosky, Steven T 
               and Barberger-Gateau, Pascale 
               and Cummings, Jeffrey 
               and Delacourte, Andr{\'e} 
               and Galasko, Douglas 
               and Gauthier, Serge 
               and Jicha, Gregory 
               and others},
    journal = {The Lancet Neurology},
    volume  = {6},
    number  = {8},
    pages   = {734--746},
    year    = {2007??},
    publisher = {Elsevier}
}

@Article{McKhann,
    title   = {{Clinical diagnosis of Alzheimer's disease Report of the NINCDS-ADRDA Work Group* 
               under the auspices of Department of Health and Human Services Task Force on 
               Alzheimer's Disease}},
    author  = {McKhann, Guy 
               and Drachman, David 
               and Folstein, Marshall 
               and Katzman, Robert 
               and Price, Donald 
               and Stadlan, Emanuel M},
    journal = {Neurology},
    volume  = {34},
    number  = {7},
    pages   = {939--944},
    year    = {1984??},
    publisher = {{AAN Enterprises}}
}

@Article{Robles02,
    title     = {Propuesta de criterios para el diagn{\'o}stico cl{\'\i}nico del deterioro 
                cognitivo ligero, la demencia y la enfermedad de {A}lzheimer},
    author    = {Robles, A 
                 and Del Ser, T
                 and Alom, J
                 and Pe{\~n}a-Casanova, J
                 and {G}rupo {A}sesor del {G}rupo de {N}eurolog{í}a de la {C}onducta y {D}emencias
                     de la {S}ociedad {E}spa{ñ}ola de {N}eurolog{í}a},
    journal   = {Neurolog{\'\i}a},
    volume    = {17},
    number    = {1},
    pages     = {17--32},
    year      = {2002??},
    publisher = {Doyma}
}

@Article{Knopman01,
    title   = {Practice {P}arameter: {D}iagnosis of {D}ementia ({A}n {E}vidence-based {R}eview) 
               {R}eport of the {Q}uality {S}tandards {S}ubcommittee of the {A}merican {A}cademy of 
               {N}eurology},
    author  = {Knopman, David S 
               and DeKosky, Steven T 
               and Cummings, JL 
               and Chui, H 
               and Corey--Bloom, J 
               and Relkin, N 
               and Small, GW 
               and Miller, B 
               and Stevens, JC},
    journal = {Neurology},
    volume  = {56},
    number  = {9},
    pages   = {1143--1153},
    year    = {2001},
    publisher = {American {A}cademy of {N}eurology}
}

@PhdThesis{Sanhueza14,
    title  = {Programa de entrenamiento cerebral en adultos mayores sin deterioro cognitivo: 
              atenci{\'o}n, memoria y funciones ejecutivas},
    author = {Sanhueza Guzm{\'a}n, Claudia},
    year   = {2014},
    school = {Universidad Complutense de Madrid}
}

@Article{Park09,
    author  = {Park, Denise C 
               and Reuter-Lorenz, Patricia},
    title   = {The {A}daptive {B}rain: {A}ging and {N}eurocognitive {S}caffolding},
    journal = {Annual {R}eview of {P}sychology},
    year    = {2009},
    volume  = {60},
    pages   = {173--196},
}

@Article{Kaiser00,
    title     = {{QEEG}: {S}tate of the {A}rt, or {S}tate of {C}onfusion},
    author    = {Kaiser, David A},
    journal   = {Journal of {N}eurotherapy},
    volume    = {4},
    number    = {2},
    pages     = {57--75},
    year      = {2000},
    publisher = {Taylor \& Francis}
}