%%%%%%%%%%%%%%%%%%%%%%%%%%%%%%%%%%%%%%%%%%%%%%%%%%%%%%%%%%%%%%%%%%%%%%%%%%%%%%%%%%%%%%%%%%%%%%%%%%%
%Valeria García Muñoz, Rodríguez Torres Erika Elizabeth, Reséndiz Flores Olivia, Vázquez-Tagle Gallegos, Génesis del Rocío, Rosales-Lagarde Alejandra. El color del ruido durante el sueño MOR en el adulto mayor con deterioro cognitivo.  XLIX Congreso Nacional Sociedad Matemática Mexicana. Universidad Autónoma de Aguascalientes, Octubre 23  al 28, 2016, Aguascalientes, Ags.
%
@Booklet{Valeria,
    author =    {Garc\'ia-Mu\~noz, V.
    		     and Rodr\'iguez Torres, E.
    		     and Res\'endiz-Flores, O.
                 and V\'azquez-Tagle Gallegos, G. R.
                 and Rosales-Lagarde, A.},
    title =     {El color del ruido durante el sueño MOR en el adulto mayor con deterioro 
    			 cognitivo},
    year =      {2016},
    note =      {XLIX Congreso Nacional Sociedad Matemática Mexicana. Aguascalientes, M\'exico}
}

@Article{Berger29,
    title     = {{\"U}ber das elektrenkephalogramm des menschen},
    author    = {Berger, Hans},
    journal   = {European Archives of Psychiatry and Clinical Neuroscience},
    volume    = {87},
    number    = {1},
    pages     = {527--570},
    year      = {1929},
    publisher = {Springer}
}

@Manual{R_fractal,
  title  = {fractal: Fractal Time Series Modeling and Analysis},
  author = {William Constantine and Donald Percival},
  year   = {2016},
  note   = {R package version 2.0-1},
  url    = {https://CRAN.R-project.org/package=fractal},
}

@Manual{R_citar,
  title        = {R: A Language and Environment for Statistical Computing},
  author       = {{R Core Team}},
  organization = {R Foundation for Statistical Computing},
  address      = {Vienna, Austria},
  year         = {2015},
  url          = {https://www.R-project.org/},
}

@Article{Clark98,
   title   = {The origin of biopotentials},
   author  = {Clark Jr, J. W.},
   journal = {Medical instrumentation: application and design},
   volume  = {3},
   pages   = {121--182},
   year    = {1998},
}

@ARTICLE{Cleveland1990,
    author =  {Cleveland, R. B. 
               and Cleveland, W. S. 
               and McRae, J. E. 
               and Terpenning, I.},
    year =    {1990},
    title =   {{STL}: A seasonal-trend decomposition procedure based on loess},
    journal = {Journal of Official Statistics},
    pages =   {3-73},
    volume =  {6},
    numer =   {1}
}

@ARTICLE{rudomin11,
    author =  {Rodr\'iguez, E. E. 
               and Hern\'andez-Lemus, E. 
               and Itz\'a-Ortiz, B. A. 
               and Jim\'enez, I. 
               and Rudom\'in, P.},
    title =   {Multichannel detrended fluctuation analysis reveals synchronized patterns of 
               spontaneous spinal activity in anesthetized cats},
    year =    {2011},
    journal = {PLoS One},
    volume =  {10},
    number =  {6}
}

@Booklet{VazquezTagle16,
    author =    {V\'azquez-Tagle Gallegos, G. R.
                 and Garc\'ia-Mu\~noz, V.
                 and Rosales-Lagarde, A.
                 and Rodr\'iguez Torres, E.
                 and Mart\'inez-Alcal\'a, C.
                 and Res\'endiz-Flores, O.},
    title =     {Correlaci\'on inter-hemisf\'erica durante el sueño MOR del Adulto Mayor 
                 con Deterioro Cognitivo},
    year =      {2016},
    note =      {Congreso Nacional, Sociedad Mexicana de Ciencias Fisiol\'ogicas. Campeche,
                 M\'exico}
}
%%%%%%%%%%%%%%%%%%%%%%%%%%%%%%%%%%%%%%%%%%%%%%%%%%%%%%%%%%%%%%%%%%%%%%%%%%%%%%%%%%%%%%%%%%%%%%%%%%%